@book{geron_2019, 
    place={Beijing}, 
    title={Hands-on machine learning with scikit-learn and tensorflow: Concepts, tools, and techniques to build Intelligent Systems}, 
    publisher={O'Reilly}, 
    author={Géron Aurélien}, 
    year={2019}
}
@book{horch_2017,
    place={New Jersey},
    title={Neuroprosthetics theory and Practice},
    publisher={World Scientific},
    author={Horch, Kenneth W. and Kipke, Daryl},
    year={2017}
} 
@book{he_2005,
    place={New York},
    title={Neural engineering},
    publisher={Kluwer Academic},
    author={He, Bin},
    year={2005}
} 
